@book{texbook,
    author  = {Donald E. Knuth},
    title   = {The {{\TeX}book}},
    publisher   = {Addison-Wesley},
    date    = {1984}
    }
